<record><leader>00000cas a22000007a 4500</leader><controlfield tag="001">9910781</controlfield><controlfield tag="008">830915d19391953laudn ne      0    0eng  </controlfield><datafield ind1=" " ind2=" " tag="010"><subfield code="a">sn 83016580 </subfield></datafield><datafield ind1=" " ind2=" " tag="040"><subfield code="a">DLC</subfield><subfield code="b">eng</subfield><subfield code="c">DLC</subfield><subfield code="d">LNP</subfield></datafield><datafield ind1="1" ind2=" " tag="029"><subfield code="a">AU@</subfield><subfield code="b">000025838819</subfield></datafield><datafield ind1=" " ind2=" " tag="037"><subfield code="b">Daily World, P.O. Box 1179, Opelouss, LA 70570</subfield></datafield><datafield ind1=" " ind2=" " tag="042"><subfield code="a">msc</subfield></datafield><datafield ind1="0" ind2="0" tag="050"><subfield code="a">Newspaper 7999</subfield></datafield><datafield ind1="0" ind2=" " tag="130"><subfield code="a">Daily world (Opelousas, La. : 1939)</subfield></datafield><datafield ind1="0" ind2="0" tag="245"><subfield code="a">Daily world.</subfield></datafield><datafield ind1="1" ind2="0" tag="246"><subfield code="a">Sunday world</subfield></datafield><datafield ind1=" " ind2=" " tag="260"><subfield code="a">Opelousas, La. :</subfield><subfield code="b">World News Co.,</subfield></datafield><datafield ind1=" " ind2=" " tag="300"><subfield code="a">v. :</subfield><subfield code="b">ill. ;</subfield><subfield code="c">61 cm.</subfield></datafield><datafield ind1=" " ind2=" " tag="310"><subfield code="a">Daily (except Mon. and Sat.)</subfield><subfield code="b">Oct. 7, 1941-Nov. 1, 1953</subfield></datafield><datafield ind1=" " ind2=" " tag="321"><subfield code="a">Daily (except Sun. and Mon.)</subfield><subfield code="b">1939-Oct. 4, 1941</subfield></datafield><datafield ind1="0" ind2=" " tag="362"><subfield code="a">Vol. 1, no. 1 (Dec. 24, 1939)-v. 13, no. 216 (Nov. 1, 1953).</subfield></datafield><datafield ind1=" " ind2=" " tag="500"><subfield code="a">On Sunday published as: Sunday world, Oct. 12, 1941-Dec. 17, 1944.</subfield></datafield><datafield ind1=" " ind2=" " tag="525"><subfield code="a">Supplements accompany some numbers.</subfield></datafield><datafield ind1=" " ind2=" " tag="752"><subfield code="a">United States</subfield><subfield code="b">Louisiana</subfield><subfield code="c">Saint Landry</subfield><subfield code="d">Opelousas.</subfield></datafield><datafield ind1="0" ind2="5" tag="780"><subfield code="t">Opelousas herald</subfield><subfield code="g">Oct. 7, 1951</subfield><subfield code="w">(DLC)sn 88064412</subfield></datafield><datafield ind1="0" ind2="0" tag="785"><subfield code="t">Opelousas daily world</subfield><subfield code="w">(DLC)sn 88064413</subfield></datafield></record>